<record><leader>00000cas a22000007a 4500</leader><controlfield tag="001">12411569</controlfield><controlfield tag="008">850822d19uu19uuwiuwr ne      0    0eng d</controlfield><datafield ind1=" " ind2=" " tag="010"><subfield code="a">sn 85040950 </subfield></datafield><datafield ind1=" " ind2=" " tag="040"><subfield code="a">NPV</subfield><subfield code="b">eng</subfield><subfield code="c">NPV</subfield><subfield code="d">OCLCQ</subfield></datafield><datafield ind1=" " ind2=" " tag="042"><subfield code="a">msc</subfield></datafield><datafield ind1=" " ind2=" " tag="045"><subfield code="a">x-x-</subfield></datafield><datafield ind1=" " ind2=" " tag="052"><subfield code="a">4123</subfield><subfield code="b">M4</subfield></datafield><datafield ind1="0" ind2="0" tag="245"><subfield code="a">Niagara news weekly.</subfield></datafield><datafield ind1="1" ind2="3" tag="246"><subfield code="a">Niagara news</subfield></datafield><datafield ind1=" " ind2=" " tag="260"><subfield code="a">[Niagara, Wis.? :</subfield><subfield code="b">s.n.]</subfield></datafield><datafield ind1=" " ind2=" " tag="300"><subfield code="a">v. :</subfield><subfield code="b">ill.</subfield></datafield><datafield ind1=" " ind2=" " tag="310"><subfield code="a">Weekly</subfield></datafield><datafield ind1=" " ind2=" " tag="530"><subfield code="a">Available on microfilm from The State Historical Society of Wisconsin.</subfield></datafield><datafield ind1=" " ind2=" " tag="588"><subfield code="a">Description based on: Vol. 8, no. 41 (May 6, 1954).</subfield></datafield><datafield ind1=" " ind2=" " tag="752"><subfield code="a">United States</subfield><subfield code="b">Wisconsin</subfield><subfield code="c">Marinette</subfield><subfield code="d">Niagara.</subfield></datafield></record>